@misc{uniswapDocs,
	author = {},
	title = {{O}verview | {U}niswap --- docs.uniswap.org},
	howpublished = {\url{https://docs.uniswap.org/contracts/v3/overview}},
	year = {},
	note = {[Accessed 27-04-2024]},
}

@misc{foundryBook,
	author = {},
	title = {{F}oundry {B}ook --- book.getfoundry.sh},
	howpublished = {\url{https://book.getfoundry.sh/}},
	year = {},
	note = {[Accessed 27-04-2024]},
}

@misc{vuejs,
	author = {},
	title = {{V}ue.js --- vuejs.org},
	howpublished = {\url{https://vuejs.org/}},
	year = {},
	note = {[Accessed 27-04-2024]},
}

@misc{openzeppelinERC20,
	author = {},
	title = {{E}{R}{C} 20 - {O}pen{Z}eppelin {D}ocs --- docs.openzeppelin.com},
	howpublished = {\url{https://docs.openzeppelin.com/contracts/4.x/api/token/erc20#ERC20-_mint-address-uint256-}},
	year = {},
	note = {[Accessed 27-04-2024]},
}
